<record><leader>00000cas a2200000 a 4500</leader><controlfield tag="001">12542594</controlfield><controlfield tag="008">850912d18881891ksuwr ne      0    0eng d</controlfield><datafield ind1=" " ind2=" " tag="010"><subfield code="a">sn 85029711 </subfield></datafield><datafield ind1=" " ind2=" " tag="040"><subfield code="a">KSH</subfield><subfield code="b">eng</subfield><subfield code="c">KSH</subfield><subfield code="d">NPT</subfield><subfield code="d">OCL</subfield><subfield code="d">OCLCQ</subfield></datafield><datafield ind1=" " ind2=" " tag="042"><subfield code="a">msc</subfield></datafield><datafield ind1="0" ind2=" " tag="130"><subfield code="a">Rush County news (Rush Center, Kan.)</subfield></datafield><datafield ind1="1" ind2="0" tag="245"><subfield code="a">Rush County news.</subfield></datafield><datafield ind1=" " ind2=" " tag="260"><subfield code="a">Rush Centre, Kan. :</subfield><subfield code="b">News Pub. Co.,</subfield><subfield code="c">1888-</subfield></datafield><datafield ind1=" " ind2=" " tag="300"><subfield code="a">v. ;</subfield><subfield code="c">64 cm.</subfield></datafield><datafield ind1=" " ind2=" " tag="310"><subfield code="a">Weekly</subfield></datafield><datafield ind1="0" ind2=" " tag="362"><subfield code="a">Vol. 5, no. 41 (May 17, 1888)-</subfield></datafield><datafield ind1="1" ind2=" " tag="362"><subfield code="a">Ceased with Mar. 5, 1891 issue?</subfield></datafield><datafield ind1=" " ind2=" " tag="752"><subfield code="a">United States</subfield><subfield code="b">Kansas</subfield><subfield code="c">Rush</subfield><subfield code="d">Rush Center.</subfield></datafield><datafield ind1="0" ind2="0" tag="780"><subfield code="t">Walnut City democrat</subfield><subfield code="w">(DLC)sn 85029721</subfield></datafield><datafield ind1="0" ind2="5" tag="780"><subfield code="t">Walnut City daily news</subfield><subfield code="g">July 19, 1888</subfield><subfield code="w">(DLC)sn 85029714</subfield></datafield><datafield ind1="1" ind2=" " tag="029"><subfield code="a">AU@</subfield><subfield code="b">000022172129</subfield></datafield></record>